%Cap 3 Bib list

@article{AT,
author = {Bianco, Michael J and Gerstoft, Peter and Traer, James and Ozanich, Emma and Roch, Marie A and Gannot, Sharon and Deledalle, Charles-Alban},
title = {{Machine learning in acoustics: Theory and applications}},
journal = {The Journal of the Acoustical Society of America},
year = {2019},
volume = {146},
number = {5},
pages = {3590--3628}
}

@misc{DCASE,
  key = {DCASE},
  title = {Detection and Classification of Acoustic Scenes and Events},
  year ={2020},
  howpublished = {\url{http://dcase.community/}},
  note = {Accessed: 2020-12-23},
}

\cite{Sheng}
@inproceedings{Sheng,
  title={Deep Learning Approach To Accent Classification},
  author={Leon Mak An Sheng and Mok Wei Xiong Edmund},
  year={2017},
}

\cite{Hershey}
@incollection{Hershey,
	title= {CNN Architectures for Large-Scale Audio Classification},	
	author= {Shawn Hershey and Sourish Chaudhuri and Daniel P. W. Ellis and Jort F. Gemmeke and Aren Jansen and Channing Moore and Manoj Plakal and Devin Platt and Rif A. Saurous and Bryan Seybold and Malcolm Slaney and Ron Weiss and Kevin Wilson},
	year	= {2017},
	URL	= {https://arxiv.org/abs/1609.09430},
	booktitle	= {International Conference on Acoustics, Speech and Signal Processing (ICASSP)}
}

\cite {VGG}
@misc{VGG,
      title={Very Deep Convolutional Networks for Large-Scale Image Recognition}, 
      author={Karen Simonyan and Andrew Zisserman},
      year={2015},
      eprint={1409.1556},
      archivePrefix={arXiv},
      primaryClass={cs.CV}
}

@misc{TF,
title={ {TensorFlow}: Large-Scale Machine Learning on Heterogeneous Systems},
url={https://www.tensorflow.org/},
note={Software available from tensorflow.org},
author={
    Mart\'{\i}n~Abadi and
    Ashish~Agarwal and
    Paul~Barham and
    Eugene~Brevdo and
    Zhifeng~Chen and
    Craig~Citro and
    Greg~S.~Corrado and
    Andy~Davis and
    Jeffrey~Dean and
    Matthieu~Devin and
    Sanjay~Ghemawat and
    Ian~Goodfellow and
    Andrew~Harp and
    Geoffrey~Irving and
    Michael~Isard and
    Yangqing Jia and
    Rafal~Jozefowicz and
    Lukasz~Kaiser and
    Manjunath~Kudlur and
    Josh~Levenberg and
    Dandelion~Man\'{e} and
    Rajat~Monga and
    Sherry~Moore and
    Derek~Murray and
    Chris~Olah and
    Mike~Schuster and
    Jonathon~Shlens and
    Benoit~Steiner and
    Ilya~Sutskever and
    Kunal~Talwar and
    Paul~Tucker and
    Vincent~Vanhoucke and
    Vijay~Vasudevan and
    Fernanda~Vi\'{e}gas and
    Oriol~Vinyals and
    Pete~Warden and
    Martin~Wattenberg and
    Martin~Wicke and
    Yuan~Yu and
    Xiaoqiang~Zheng},
  year={2015},
  note={VGGish model available from \url{https://tfhub.dev/google/vggish/1}},
}

\cite{AccentArchive} 
@misc{AccentArchive,
  title = {Speech Accent Archive},
  author={Steven Weinberger},
  year = {2015},
  URL = {\url{http://accent.gmu.edu}},
  publisher={George Mason University},
  note={Available from Kaggle, \url{https://www.kaggle.com/rtatman/speech-accent-archive} },
}